@article{mkp:2019,
    author = {Dell'Amico, M. and Delorme, M. and Iori, M. and Martello, S.},
    title = {Mathematical models and decomposition methods for the multiple knapsack problem},
    journal = {European Journal of Operational Research},
    issue = {1},
    month = {may},
    year = {2019},
    volume = {274},
    number = {3},
    pages = {886-899},
    doi = {https://doi.org/10.1016/j.ejor.2018.10.043},
}
@techreport{kernel:2007,
    author = {Angelelli, E. and Mansini, R. and Speranza, MG.},
    title = {Kernel Search: a heuristic framework for MILP problems with binary variables.},
    institution = {University of Brescia},
    type = {Technical Report of the Department of Electronics for Automation},
    number = {R.T. 2007-04-56},
    year = {2007},
    month = {december},
}
@article{kernel:2010,
    author = {Angelelli, E. and Mansini, R and Speranza, MG.},
    title = {Kernel search: A general heuristic for the multi-dimensional knapsack problem},
    journal = {European Journal of Operational Research},
    month = {november},
    year = {2010},
    volume = {37},
    number = {11},
    pages = {2017-2026},
    doi = {https://doi.org/10.1016/j.cor.2010.02.002},
}
@article{kernel:2012,
    author = {Angelelli, E. and Mansini, R and Speranza, MG.},
    title = {Kernel Search: a new heuristic framework for portfolio selection},
    journal = {Computational Optimization and Applications},
    month = {january},
    year = {2012},
    volume = {51},
    number = {1},
    pages = {345-361},
    doi = {https://doi.org/10.1007/s10589-010-9326-6},
}